@article{gordo,
	author = {Franco-Gordo, C. and Godínez-Domínguez, E. and Suárez-Morales, E.},
	title = {Larval fish assemblages in waters off the central Pacific coast of Mexico},
	journal = {Journal of Plankton Research},
	volume = {24},
	number = {8},
	pages = {775-784},
	year = {2002},
	doi = {10.1093/plankt/24.8.775},
	URL = {http://dx.doi.org/10.1093/plankt/24.8.775},
	eprint = {/oup/backfile/content_public/journal/plankt/24/8/10.1093_plankt_24.8.775/1/240775.pdf}
}

@article{mather,
  title={Factors affecting the spatial distribution of natural populations of Octopus joubini Robson},
  author={Mather, Jennifer A},
  journal={Animal Behaviour},
  volume={30},
  number={4},
  pages={1166--1170},
  year={1982},
  publisher={Elsevier}
}

 @Manual{tim,
    title = {mapedit: Interactive Editing of Spatial Data in R},
    author = {Tim Appelhans and Kenton Russell},
    year = {2018},
    note = {R package version 0.4.3},
    url = {https://CRAN.R-project.org/package=mapedit},
  }
  
    @Manual{tim2,
    title = {mapview: Interactive Viewing of Spatial Data in R},
    author = {Tim Appelhans and Florian Detsch and Christoph Reudenbach and Stefan Woellauer},
    year = {2018},
    note = {R package version 2.6.0},
    url = {https://CRAN.R-project.org/package=mapview},
  }
  
    @Manual{r,
    title = {R: A Language and Environment for Statistical Computing},
    author = {{R Core Team}},
    organization = {R Foundation for Statistical Computing},
    address = {Vienna, Austria},
    year = {2018},
    url = {https://www.R-project.org/},
  }
  
    @Article{sf,
    author = {Edzer Pebesma},
    title = {{Simple Features for R: Standardized Support for Spatial
          Vector Data}},
    year = {2018},
    journal = {{The R Journal}},
    url = {https://journal.r-project.org/archive/2018/RJ-2018-009/index.html},
  }
